<?xml version="1.0" encoding="UTF-8"?><collection xmlns="http://www.loc.gov/MARC21/slim"><record><leader>00863nam--2200169-i-4500</leader><controlfield tag="001">000006272</controlfield><controlfield tag="002">20161230</controlfield><controlfield tag="005">20161230201026</controlfield><controlfield tag="008">060222s1000------------r-----000-0-eng-d</controlfield><datafield ind1=" " ind2=" " tag="040"><subfield code="a">IFIN-HH</subfield></datafield><datafield ind1=" " ind2=" " tag="080"><subfield code="a">539.1.001(061.3)</subfield></datafield><datafield ind1="1" ind2=" " tag="110"><subfield code="a">International Atomic Energy Agency</subfield></datafield><datafield ind1="1" ind2="0" tag="245"><subfield code="a">Nuclear theory for applications</subfield><subfield code="b">Proceedings of the course on nuclear theory for applications held at trieste, 17 january - 10 februaty 1978 during the winter courses on nuclear physics and reactors jointly organized by theiaea, the international centre for theoretical physics and the ceNTRO DI CALCOLO BOLOGNA OF THE COMITAATO NAZIONALE PER L'ENERGIA NUCLEARE OF ITAALY AND HELD AT THE INTERNATIONAL CENTRE FOR THEORETICAL PHYSICS, TRIESTE 17 JANUARY - 10 MARCH 1978</subfield></datafield><datafield ind1=" " ind2=" " tag="260"><subfield code="a">Vienna</subfield><subfield code="b">Iaea</subfield><subfield code="c">1980</subfield></datafield><datafield ind1=" " ind2=" " tag="300"><subfield code="a">427P</subfield></datafield><datafield ind1=" " ind2=" " tag="852"><subfield code="a">70223</subfield><subfield code="c">539</subfield></datafield><datafield ind1=" " ind2=" " tag="CAT"><subfield code="a">Sys</subfield><subfield code="c">20120418</subfield><subfield code="h">162543</subfield></datafield></record></collection>